% This file was created with JabRef 2.10b2.
% Encoding: UTF-8


@Article{berger1929elektrenkephalogramm,
  Title                    = {{\"U}ber das Elektrenkephalogramm des Menschen},
  Author                   = {Berger, Hans},
  Journal                  = {European Archives of Psychiatry and Clinical Neuroscience},
  Year                     = {1929},
  Number                   = {1},
  Pages                    = {527--570},
  Volume                   = {87},

  Publisher                = {Springer}
}

@Article{binder1994functional,
  Title                    = {Functional magnetic resonance imaging of human auditory cortex},
  Author                   = {Binder, Jeffrey R and Rao, Stephen M and Hammeke, TA and Yetkin, FZ and Jesmanowicz, A and Bandettini, PA and Wong, EC and Estkowski, LD and Goldstein, MD and Haughton, VM and others},
  Journal                  = {Annals of neurology},
  Year                     = {1994},
  Number                   = {6},
  Pages                    = {662--672},
  Volume                   = {35},

  Publisher                = {Wiley Online Library}
}

@InProceedings{ciresan2012multi,
  Title                    = {Multi-column deep neural networks for image classification},
  Author                   = {Ciresan, Dan and Meier, Ueli and Schmidhuber, J{\"u}rgen},
  Booktitle                = {Computer Vision and Pattern Recognition (CVPR), 2012 IEEE Conference on},
  Year                     = {2012},
  Organization             = {IEEE},
  Pages                    = {3642--3649}
}

@Article{cohen1968magnetoencephalography,
  Title                    = {Magnetoencephalography: evidence of magnetic fields produced by alpha-rhythm currents},
  Author                   = {Cohen, David},
  Journal                  = {Science},
  Year                     = {1968},
  Number                   = {3843},
  Pages                    = {784--786},
  Volume                   = {161},

  Publisher                = {American Association for the Advancement of Science}
}

@Article{hamalainen1993magnetoencephalography,
  Title                    = {Magnetoencephalographyâ€”theory, instrumentation, and applications to noninvasive studies of the working human brain},
  Author                   = {H{\"a}m{\"a}l{\"a}inen, Matti and Hari, Riitta and Ilmoniemi, Risto J and Knuutila, Jukka and Lounasmaa, Olli V},
  Journal                  = {Reviews of modern Physics},
  Year                     = {1993},
  Number                   = {2},
  Pages                    = {413},
  Volume                   = {65},

  Publisher                = {APS}
}

@Article{hamalainen1994interpreting,
  Title                    = {Interpreting magnetic fields of the brain: minimum norm estimates},
  Author                   = {H{\"a}m{\"a}l{\"a}inen, Matti S and Ilmoniemi, RJ},
  Journal                  = {Medical \& biological engineering \& computing},
  Year                     = {1994},
  Number                   = {1},
  Pages                    = {35--42},
  Volume                   = {32},

  Publisher                = {Springer}
}

@Article{hamalainen1984interpreting,
  Title                    = {Interpreting measured magnetic fields of the brain: estimates of current distributions},
  Author                   = {H{\"a}m{\"a}l{\"a}inen, Matti S and Ilmoniemi, RJ},
  Journal                  = {Helsinki University of Technology},
  Year                     = {1984},
  Volume                   = {TKK-F-A559}
}

@Article{hahne2002differential,
  Title                    = {Differential task effects on semantic and syntactic processes as revealed by ERPs},
  Author                   = {Hahne, Anja and Friederici, Angela D},
  Journal                  = {Cognitive Brain Research},
  Year                     = {2002},
  Number                   = {3},
  Pages                    = {339--356},
  Volume                   = {13},

  Publisher                = {Elsevier}
}

@Book{hansen2010meg,
  Title                    = {MEG: an introduction to methods},
  Author                   = {Hansen, Peter and Kringelbach, Morten and Salmelin, Riitta},
  Publisher                = {Oxford university press},
  Year                     = {2010}
}

@Book{haykin2008adaptive,
  Title                    = {Adaptive filter theory},
  Author                   = {Haykin, Simon S},
  Publisher                = {Pearson Education India},
  Year                     = {2008}
}

@Article{herrmann2011syntactic,
  Title                    = {Syntactic and auditory spatial processing in the human temporal cortex: an MEG study},
  Author                   = {Herrmann, Bj{\"o}rn and Maess, Burkhard and Hahne, Anja and Schr{\"o}ger, Erich and Friederici, Angela D},
  Journal                  = {NeuroImage},
  Year                     = {2011},
  Number                   = {2},
  Pages                    = {624--633},
  Volume                   = {57},

  Publisher                = {Elsevier}
}

@Article{hillebrand2005beamformer,
  Title                    = {Beamformer analysis of MEG data},
  Author                   = {Hillebrand, Arjan and Barnes, Gareth R},
  Journal                  = {International review of neurobiology},
  Year                     = {2005},
  Pages                    = {149--171},
  Volume                   = {68},

  Publisher                = {Elsevier}
}

@Article{hillebrand2005new,
  Title                    = {A new approach to neuroimaging with magnetoencephalography},
  Author                   = {Hillebrand, Arjan and Singh, Krish D and Holliday, Ian E and Furlong, Paul L and Barnes, Gareth R},
  Journal                  = {Human brain mapping},
  Year                     = {2005},
  Number                   = {2},
  Pages                    = {199--211},
  Volume                   = {25},

  Publisher                = {Wiley Online Library}
}

@Article{ilmoniemi1985forward,
  Title                    = {The forward and inverse problems in the spherical model},
  Author                   = {Ilmoniemi, RJ and H{\"a}m{\"a}l{\"a}inen, MS and Knuutila, J},
  Year                     = {1985},

  Publisher                = {Biomagnetism: Applications and Theory (H. Weinberg, G. Stroink, and T. Katila, eds.), Pergamon Press, New York}
}

@Article{jaaskelainen2004human,
  Title                    = {Human posterior auditory cortex gates novel sounds to consciousness},
  Author                   = {J{\"a}{\"a}skel{\"a}inen, Iiro P and Ahveninen, Jyrki and Bonmassar, Giorgio and Dale, Anders M and Ilmoniemi, Risto J and Lev{\"a}nen, Sari and Lin, Fa-Hsuan and May, Patrick and Melcher, Jennifer and Stufflebeam, Steven and others},
  Journal                  = {Proceedings of the National Academy of Sciences of the United States of America},
  Year                     = {2004},
  Number                   = {17},
  Pages                    = {6809--6814},
  Volume                   = {101},

  Publisher                = {National Acad Sciences}
}

@Article{jaklevic1964quantum,
  Title                    = {Quantum interference effects in Josephson tunneling},
  Author                   = {Jaklevic, RC and Lambe, John and Silver, AH and Mercereau, JE},
  Journal                  = {Physical Review Letters},
  Year                     = {1964},
  Number                   = {7},
  Pages                    = {159},
  Volume                   = {12},

  Publisher                = {APS}
}

@Article{josephson1962possible,
  Title                    = {Possible new effects in superconductive tunnelling},
  Author                   = {Josephson, Brian David},
  Journal                  = {Physics letters},
  Year                     = {1962},
  Number                   = {7},
  Pages                    = {251--253},
  Volume                   = {1},

  Publisher                = {Elsevier}
}

@Article{logothetis2007vivo,
  Title                    = {In vivo measurement of cortical impedance spectrum in monkeys: implications for signal propagation},
  Author                   = {Logothetis, Nikos K and Kayser, Christoph and Oeltermann, Axel},
  Journal                  = {Neuron},
  Year                     = {2007},
  Number                   = {5},
  Pages                    = {809--823},
  Volume                   = {55},

  Publisher                = {Elsevier}
}

@Article{malmivuo2012comparison,
  Title                    = {Comparison of the properties of EEG and MEG in detecting the electric activity of the brain},
  Author                   = {Malmivuo, Jaakko},
  Journal                  = {Brain topography},
  Year                     = {2012},
  Number                   = {1},
  Pages                    = {1--19},
  Volume                   = {25},

  Publisher                = {Springer}
}

@Book{maurits2011neurology,
  Title                    = {From Neurology to Methodology and Back: An Introduction to Clinical Neuroengineering},
  Author                   = {Maurits, Natasha},
  Publisher                = {Springer Science \& Business Media},
  Year                     = {2011}
}

@Article{naatanen2004mismatch,
  Title                    = {The mismatch negativity (MMN): towards the optimal paradigm},
  Author                   = {N{\"a}{\"a}t{\"a}nen, Risto and Pakarinen, Satu and Rinne, Teemu and Takegata, Rika},
  Journal                  = {Clinical Neurophysiology},
  Year                     = {2004},
  Number                   = {1},
  Pages                    = {140--144},
  Volume                   = {115},

  Publisher                = {Elsevier}
}

@Article{parkkonen1999interference,
  Title                    = {An interference suppression system for multichannel magnetic field detector arrays},
  Author                   = {Parkkonen, LT and Simola, JT and Tuoriniemi, JT and Ahonen, AI},
  Journal                  = {Recent advances in biomagnetism},
  Year                     = {1999},
  Pages                    = {13--16},

  Publisher                = {Tohoku University Press, Sendai}
}

@Article{sarvas1987basic,
  Title                    = {Basic mathematical and electromagnetic concepts of the biomagnetic inverse problem},
  Author                   = {Sarvas, Jukka},
  Journal                  = {Physics in medicine and biology},
  Year                     = {1987},
  Number                   = {1},
  Pages                    = {11},
  Volume                   = {32},

  Publisher                = {IOP Publishing}
}

@Article{scherg1990fundamentals,
  Title                    = {Fundamentals of dipole source potential analysis},
  Author                   = {Scherg, Michael},
  Journal                  = {Auditory evoked magnetic fields and electric potentials. Advances in audiology},
  Year                     = {1990},
  Pages                    = {40--69},
  Volume                   = {6},

  Publisher                = {Karger Basel}
}

@Article{da1998biophysical,
  Title                    = {Biophysical aspects of EEG and magnetoencephalogram generation},
  Author                   = {da Silva, FH Lopes and Van Rotterdam, AB},
  Year                     = {1998},

  Publisher                = {Williams \& Wilkins}
}

@Article{taulu2005presentation,
  Title                    = {Presentation of electromagnetic multichannel data: the signal space separation method},
  Author                   = {Taulu, Samu and Kajola, Matti},
  Journal                  = {Journal of Applied Physics},
  Year                     = {2005},
  Number                   = {12},
  Pages                    = {124905},
  Volume                   = {97},

  Publisher                = {AIP Publishing}
}

@Article{taulu2004suppression,
  Title                    = {Suppression of interference and artifacts by the signal space separation method},
  Author                   = {Taulu, Samu and Kajola, Matti and Simola, Juha},
  Journal                  = {Brain topography},
  Year                     = {2004},
  Number                   = {4},
  Pages                    = {269--275},
  Volume                   = {16},

  Publisher                = {Springer}
}

@Article{uusitalo1997signal,
  Title                    = {Signal-space projection method for separating MEG or EEG into components},
  Author                   = {Uusitalo, MA and Ilmoniemi, RJ},
  Journal                  = {Medical and Biological Engineering and Computing},
  Year                     = {1997},
  Number                   = {2},
  Pages                    = {135--140},
  Volume                   = {35},

  Publisher                = {Springer}
}

@Article{van1997localization,
  Title                    = {Localization of brain electrical activity via linearly constrained minimum variance spatial filtering},
  Author                   = {Van Veen, Barry D and Van Drongelen, Wim and Yuchtman, Moshe and Suzuki, Akifumi},
  Journal                  = {Biomedical Engineering, IEEE Transactions on},
  Year                     = {1997},
  Number                   = {9},
  Pages                    = {867--880},
  Volume                   = {44},

  Publisher                = {IEEE}
}

@Article{vigario1998independent,
  Title                    = {Independent component analysis for identification of artifacts in magnetoencephalographic recordings},
  Author                   = {Vig{\'a}rio, Ricardo and Jousm{\"a}ki, Veikko and H{\"a}m{\"a}l{\"a}ninen, M and Haft, R and Oja, Erkki},
  Journal                  = {Advances in neural information processing systems},
  Year                     = {1998},
  Pages                    = {229--235},

  Publisher                = {MORGAN KAUFMANN PUBLISHERS}
}

@Article{vigario2000independent,
  Title                    = {Independent component approach to the analysis of EEG and MEG recordings},
  Author                   = {Vig{\'a}rio, Ricardo and S{\"a}rel{\"a}, Jaakko and Jousmiki, V and H{\"a}m{\"a}l{\"a}inen, Matti and Oja, Erkki},
  Journal                  = {Biomedical Engineering, IEEE Transactions on},
  Year                     = {2000},
  Number                   = {5},
  Pages                    = {589--593},
  Volume                   = {47},

  Publisher                = {IEEE}
}

@Book{weinstock2012squid,
  Title                    = {SQUID sensors: fundamentals, fabrication and applications},
  Author                   = {Weinstock, Harold},
  Publisher                = {Springer Science \& Business Media},
  Year                     = {2012},
  Volume                   = {329}
}

